@unpublished{hammer2014,
  author =	 {Hugo Lewi Hammer},
  title =	 {Detecting threats of violence in online discussion using bigrams of important words},
  year =	 2014,
}

@misc{youtube2013,
  author = {YouTube},
  title = {We hear you: Better commenting coming to {YouTube}},
  year = 2013,
  howpublished = {youtube-global.blogspot.no/2013/09/youtube-new-comments.html/},
  note = "[Online; accessed May 12th 2015]"
}



@InProceedings{dinakar2011,
  author = 	 {Dinakar, Karthik and Reichart, Roi and Lieberman, Henry},
  title = 	 {Modeling the detection of Textual Cyberbullying},
  booktitle = {Proceedings of The Social Mobile Web},
  year = 	 2011}

